%YAML 1.1
%TAG !u! tag:unity3d.com,2011:
--- !u!1 &2444433773165415694
GameObject:
  m_ObjectHideFlags: 0
  m_CorrespondingSourceObject: {fileID: 0}
  m_PrefabInstance: {fileID: 0}
  m_PrefabAsset: {fileID: 0}
  serializedVersion: 6
  m_Component:
  - component: {fileID: 2444433773165415922}
  - component: {fileID: 2444433773165415693}
  - component: {fileID: 2444433773165415692}
  - component: {fileID: 2444433773165415695}
  m_Layer: 0
  m_Name: Main Camera
  m_TagString: MainCamera
  m_Icon: {fileID: 0}
  m_NavMeshLayer: 0
  m_StaticEditorFlags: 0
  m_IsActive: 1
--- !u!4 &2444433773165415922
Transform:
  m_ObjectHideFlags: 0
  m_CorrespondingSourceObject: {fileID: 0}
  m_PrefabInstance: {fileID: 0}
  m_PrefabAsset: {fileID: 0}
  m_GameObject: {fileID: 2444433773165415694}
  m_LocalRotation: {x: 0, y: 0, z: 0, w: 1}
  m_LocalPosition: {x: 2.88, y: 3.2, z: -10}
  m_LocalScale: {x: 1, y: 1, z: 1}
  m_Children:
  - {fileID: 3649909252152754014}
  m_Father: {fileID: 0}
  m_RootOrder: 0
  m_LocalEulerAnglesHint: {x: 0, y: 0, z: 0}
--- !u!20 &2444433773165415693
Camera:
  m_ObjectHideFlags: 0
  m_CorrespondingSourceObject: {fileID: 0}
  m_PrefabInstance: {fileID: 0}
  m_PrefabAsset: {fileID: 0}
  m_GameObject: {fileID: 2444433773165415694}
  m_Enabled: 1
  serializedVersion: 2
  m_ClearFlags: 2
  m_BackGroundColor: {r: 0, g: 0, b: 0, a: 0}
  m_projectionMatrixMode: 1
  m_GateFitMode: 2
  m_FOVAxisMode: 0
  m_SensorSize: {x: 36, y: 24}
  m_LensShift: {x: 0, y: 0}
  m_FocalLength: 50
  m_NormalizedViewPortRect:
    serializedVersion: 2
    x: 0
    y: 0
    width: 1
    height: 1
  near clip plane: 0.3
  far clip plane: 1000
  field of view: 60
  orthographic: 1
  orthographic size: 5.941621
  m_Depth: -1
  m_CullingMask:
    serializedVersion: 2
    m_Bits: 4294967295
  m_RenderingPath: -1
  m_TargetTexture: {fileID: 0}
  m_TargetDisplay: 0
  m_TargetEye: 0
  m_HDR: 1
  m_AllowMSAA: 0
  m_AllowDynamicResolution: 0
  m_ForceIntoRT: 0
  m_OcclusionCulling: 0
  m_StereoConvergence: 10
  m_StereoSeparation: 0.022
--- !u!114 &2444433773165415692
MonoBehaviour:
  m_ObjectHideFlags: 0
  m_CorrespondingSourceObject: {fileID: 0}
  m_PrefabInstance: {fileID: 0}
  m_PrefabAsset: {fileID: 0}
  m_GameObject: {fileID: 2444433773165415694}
  m_Enabled: 1
  m_EditorHideFlags: 0
  m_Script: {fileID: 11500000, guid: 70c4be9913f68b841a73f4b4363d8944, type: 3}
  m_Name: 
  m_EditorClassIdentifier: 
  target: {fileID: 0}
  offset: {x: 0, y: 0, z: -10}
  smoothFactor: 5.9
  minValues: {x: 5.27, y: 3.26, z: -10}
  maxValues: {x: 62.65, y: 10.7, z: -10}
--- !u!81 &2444433773165415695
AudioListener:
  m_ObjectHideFlags: 0
  m_CorrespondingSourceObject: {fileID: 0}
  m_PrefabInstance: {fileID: 0}
  m_PrefabAsset: {fileID: 0}
  m_GameObject: {fileID: 2444433773165415694}
  m_Enabled: 1
--- !u!1001 &2444433773721360308
PrefabInstance:
  m_ObjectHideFlags: 0
  serializedVersion: 2
  m_Modification:
    m_TransformParent: {fileID: 2444433773165415922}
    m_Modifications:
    - target: {fileID: 1390287032220707050, guid: 475939214718c2249ba55385a90cff6a, type: 3}
      propertyPath: m_Pivot.x
      value: 0
      objectReference: {fileID: 0}
    - target: {fileID: 1390287032220707050, guid: 475939214718c2249ba55385a90cff6a, type: 3}
      propertyPath: m_Pivot.y
      value: 0
      objectReference: {fileID: 0}
    - target: {fileID: 1390287032220707050, guid: 475939214718c2249ba55385a90cff6a, type: 3}
      propertyPath: m_RootOrder
      value: 0
      objectReference: {fileID: 0}
    - target: {fileID: 1390287032220707050, guid: 475939214718c2249ba55385a90cff6a, type: 3}
      propertyPath: m_AnchorMax.x
      value: 0
      objectReference: {fileID: 0}
    - target: {fileID: 1390287032220707050, guid: 475939214718c2249ba55385a90cff6a, type: 3}
      propertyPath: m_AnchorMax.y
      value: 0
      objectReference: {fileID: 0}
    - target: {fileID: 1390287032220707050, guid: 475939214718c2249ba55385a90cff6a, type: 3}
      propertyPath: m_AnchorMin.x
      value: 0
      objectReference: {fileID: 0}
    - target: {fileID: 1390287032220707050, guid: 475939214718c2249ba55385a90cff6a, type: 3}
      propertyPath: m_AnchorMin.y
      value: 0
      objectReference: {fileID: 0}
    - target: {fileID: 1390287032220707050, guid: 475939214718c2249ba55385a90cff6a, type: 3}
      propertyPath: m_SizeDelta.x
      value: 0
      objectReference: {fileID: 0}
    - target: {fileID: 1390287032220707050, guid: 475939214718c2249ba55385a90cff6a, type: 3}
      propertyPath: m_SizeDelta.y
      value: 0
      objectReference: {fileID: 0}
    - target: {fileID: 1390287032220707050, guid: 475939214718c2249ba55385a90cff6a, type: 3}
      propertyPath: m_LocalPosition.x
      value: 0
      objectReference: {fileID: 0}
    - target: {fileID: 1390287032220707050, guid: 475939214718c2249ba55385a90cff6a, type: 3}
      propertyPath: m_LocalPosition.y
      value: 0
      objectReference: {fileID: 0}
    - target: {fileID: 1390287032220707050, guid: 475939214718c2249ba55385a90cff6a, type: 3}
      propertyPath: m_LocalPosition.z
      value: 0
      objectReference: {fileID: 0}
    - target: {fileID: 1390287032220707050, guid: 475939214718c2249ba55385a90cff6a, type: 3}
      propertyPath: m_LocalRotation.w
      value: 1
      objectReference: {fileID: 0}
    - target: {fileID: 1390287032220707050, guid: 475939214718c2249ba55385a90cff6a, type: 3}
      propertyPath: m_LocalRotation.x
      value: 0
      objectReference: {fileID: 0}
    - target: {fileID: 1390287032220707050, guid: 475939214718c2249ba55385a90cff6a, type: 3}
      propertyPath: m_LocalRotation.y
      value: 0
      objectReference: {fileID: 0}
    - target: {fileID: 1390287032220707050, guid: 475939214718c2249ba55385a90cff6a, type: 3}
      propertyPath: m_LocalRotation.z
      value: 0
      objectReference: {fileID: 0}
    - target: {fileID: 1390287032220707050, guid: 475939214718c2249ba55385a90cff6a, type: 3}
      propertyPath: m_AnchoredPosition.x
      value: 0
      objectReference: {fileID: 0}
    - target: {fileID: 1390287032220707050, guid: 475939214718c2249ba55385a90cff6a, type: 3}
      propertyPath: m_AnchoredPosition.y
      value: 0
      objectReference: {fileID: 0}
    - target: {fileID: 1390287032220707050, guid: 475939214718c2249ba55385a90cff6a, type: 3}
      propertyPath: m_LocalEulerAnglesHint.x
      value: 0
      objectReference: {fileID: 0}
    - target: {fileID: 1390287032220707050, guid: 475939214718c2249ba55385a90cff6a, type: 3}
      propertyPath: m_LocalEulerAnglesHint.y
      value: 0
      objectReference: {fileID: 0}
    - target: {fileID: 1390287032220707050, guid: 475939214718c2249ba55385a90cff6a, type: 3}
      propertyPath: m_LocalEulerAnglesHint.z
      value: 0
      objectReference: {fileID: 0}
    - target: {fileID: 3542219494517673191, guid: 475939214718c2249ba55385a90cff6a, type: 3}
      propertyPath: m_IsActive
      value: 1
      objectReference: {fileID: 0}
    - target: {fileID: 5343184022798756326, guid: 475939214718c2249ba55385a90cff6a, type: 3}
      propertyPath: m_Name
      value: Canvas
      objectReference: {fileID: 0}
    - target: {fileID: 6434750192038405241, guid: 475939214718c2249ba55385a90cff6a, type: 3}
      propertyPath: m_AnchorMax.y
      value: 0
      objectReference: {fileID: 0}
    - target: {fileID: 7375341946230250332, guid: 475939214718c2249ba55385a90cff6a, type: 3}
      propertyPath: m_SizeDelta.y
      value: 80.79
      objectReference: {fileID: 0}
    - target: {fileID: 7375341946230250332, guid: 475939214718c2249ba55385a90cff6a, type: 3}
      propertyPath: m_AnchoredPosition.x
      value: 90
      objectReference: {fileID: 0}
    - target: {fileID: 7375341946230250332, guid: 475939214718c2249ba55385a90cff6a, type: 3}
      propertyPath: m_AnchoredPosition.y
      value: -56.799988
      objectReference: {fileID: 0}
    - target: {fileID: 7931985408568110127, guid: 475939214718c2249ba55385a90cff6a, type: 3}
      propertyPath: m_BlockingObjects
      value: 0
      objectReference: {fileID: 0}
    - target: {fileID: 7931985408568110127, guid: 475939214718c2249ba55385a90cff6a, type: 3}
      propertyPath: m_IgnoreReversedGraphics
      value: 1
      objectReference: {fileID: 0}
    - target: {fileID: 8004020000060482980, guid: 475939214718c2249ba55385a90cff6a, type: 3}
      propertyPath: m_fontStyle
      value: 0
      objectReference: {fileID: 0}
    - target: {fileID: 8004020000060482980, guid: 475939214718c2249ba55385a90cff6a, type: 3}
      propertyPath: m_fontColor.b
      value: 1
      objectReference: {fileID: 0}
    - target: {fileID: 8004020000060482980, guid: 475939214718c2249ba55385a90cff6a, type: 3}
      propertyPath: m_fontColor.g
      value: 1
      objectReference: {fileID: 0}
    - target: {fileID: 8004020000060482980, guid: 475939214718c2249ba55385a90cff6a, type: 3}
      propertyPath: m_fontColor.r
      value: 1
      objectReference: {fileID: 0}
    - target: {fileID: 8004020000060482980, guid: 475939214718c2249ba55385a90cff6a, type: 3}
      propertyPath: m_fontColor32.rgba
      value: 4294967295
      objectReference: {fileID: 0}
    - target: {fileID: 8065390287349115129, guid: 475939214718c2249ba55385a90cff6a, type: 3}
      propertyPath: m_Camera
      value: 
      objectReference: {fileID: 2444433773165415693}
    - target: {fileID: 8065390287349115129, guid: 475939214718c2249ba55385a90cff6a, type: 3}
      propertyPath: m_PlaneDistance
      value: 10
      objectReference: {fileID: 0}
    - target: {fileID: 8229242339974417455, guid: 475939214718c2249ba55385a90cff6a, type: 3}
      propertyPath: m_LocalPosition.z
      value: 0
      objectReference: {fileID: 0}
    m_RemovedComponents: []
  m_SourcePrefab: {fileID: 100100000, guid: 475939214718c2249ba55385a90cff6a, type: 3}
--- !u!1 &7767181172816707154 stripped
GameObject:
  m_CorrespondingSourceObject: {fileID: 5343184022798756326, guid: 475939214718c2249ba55385a90cff6a, type: 3}
  m_PrefabInstance: {fileID: 2444433773721360308}
  m_PrefabAsset: {fileID: 0}
--- !u!224 &3649909252152754014 stripped
RectTransform:
  m_CorrespondingSourceObject: {fileID: 1390287032220707050, guid: 475939214718c2249ba55385a90cff6a, type: 3}
  m_PrefabInstance: {fileID: 2444433773721360308}
  m_PrefabAsset: {fileID: 0}
--- !u!114 &7793274874958388362 stripped
MonoBehaviour:
  m_CorrespondingSourceObject: {fileID: 5605602360496622398, guid: 475939214718c2249ba55385a90cff6a, type: 3}
  m_PrefabInstance: {fileID: 2444433773721360308}
  m_PrefabAsset: {fileID: 0}
  m_GameObject: {fileID: 0}
  m_Enabled: 1
  m_EditorHideFlags: 0
  m_Script: {fileID: 11500000, guid: 67db9e8f0e2ae9c40bc1e2b64352a6b4, type: 3}
  m_Name: 
  m_EditorClassIdentifier: 
--- !u!114 &5634548991464409948
MonoBehaviour:
  m_ObjectHideFlags: 0
  m_CorrespondingSourceObject: {fileID: 0}
  m_PrefabInstance: {fileID: 0}
  m_PrefabAsset: {fileID: 0}
  m_GameObject: {fileID: 7767181172816707154}
  m_Enabled: 1
  m_EditorHideFlags: 0
  m_Script: {fileID: 11500000, guid: fe6e45a3a16448dfb89a56a2faf22539, type: 3}
  m_Name: 
  m_EditorClassIdentifier: 
  slider: {fileID: 7793274874958388362}
  low: {r: 0, g: 1, b: 0, a: 1}
  high: {r: 1, g: 0, b: 0, a: 1}
